<record xmlns:xsi="http://www.w3.org/2001/XMLSchema-instance" xmlns="http://www.loc.gov/MARC21/slim" xsi:schemaLocation="http://www.loc.gov/MARC21/slim http://www.loc.gov/standards/marcxml/schema/MARC21slim.xsd">

  <leader>00843nam a2200217Ia 4500</leader>
  <datafield ind2=" " tag="999" ind1=" ">
    <subfield code="c">1123</subfield>
    <subfield code="d">1123</subfield>
  </datafield>
  <controlfield tag="008">180606b2005    cr ||||| |||| 00| | spa d</controlfield>
  <datafield ind1=" " tag="020" ind2=" ">
    <subfield code="a">1409-3677</subfield>
  </datafield>
  <datafield ind2=" " ind1=" " tag="090">
    <subfield code="a">05.01.01 </subfield>
    <subfield code="b">1555</subfield>
  </datafield>
  <datafield ind2=" " ind1=" " tag="100">
    <subfield code="a">Carballo Villagra, Priscilla</subfield>
    <subfield code="9">3734</subfield>
    <subfield code="e">Compilador/a</subfield>
  </datafield>
  <datafield ind1="1" tag="245" ind2="0">
    <subfield code="a">Culturas juveniles: teoría, historia y casos / </subfield>
    <subfield code="c">Priscilla Carballo Villagra; Onésimo G. Rodríguez Aguilar; Mario Castañeda; Mario Zúñiga Núñez (comp.) </subfield>
  </datafield>
  <datafield ind2=" " ind1=" " tag="260">
    <subfield code="a">San José, C. R. : </subfield>
    <subfield code="b">FLACSO, </subfield>
    <subfield code="c">2005</subfield>
  </datafield>
  <datafield ind2=" " tag="300" ind1=" ">
    <subfield code="a">79 páginas</subfield>
  </datafield>
  <datafield ind2=" " ind1=" " tag="490">
    <subfield code="a">Cuaderno de Ciencias Sociales,</subfield>
    <subfield code="v">136</subfield>
  </datafield>
  <datafield tag="650" ind1="1" ind2="4">
    <subfield code="a">CIENCIAS SOCIALES </subfield>
    <subfield code="9">276</subfield>
  </datafield>
  <datafield tag="650" ind1="1" ind2="4">
    <subfield code="a">CULTURA </subfield>
    <subfield code="9">378</subfield>
  </datafield>
  <datafield ind2="4" tag="650" ind1="1">
    <subfield code="a">JUVENTUD</subfield>
    <subfield code="9">476</subfield>
  </datafield>
  <datafield ind2=" " ind1=" " tag="700">
    <subfield code="a">Rodríguez Aguilar, Onésimo G. </subfield>
    <subfield code="9">3735</subfield>
    <subfield code="e">Compilador/a</subfield>
  </datafield>
  <datafield tag="700" ind1=" " ind2=" ">
    <subfield code="a">Castañeda, Mario</subfield>
    <subfield code="9">3736</subfield>
    <subfield code="e">Compilador/a</subfield>
  </datafield>
  <datafield ind2=" " tag="700" ind1="1">
    <subfield code="a">Zúñiga Núñez, Mario</subfield>
    <subfield code="e">Compilador/a</subfield>
    <subfield code="9">2799</subfield>
  </datafield>
  <datafield ind2=" " ind1=" " tag="942">
    <subfield code="2">z</subfield>
    <subfield code="c">01</subfield>
  </datafield>
</record>